{
  "leader": "02446cam a2200373Ii 4500",
  "fields": [
    {
      "001": "ocm00967380\\"
    },
    {
      "003": "OCoLC"
    },
    {
      "005": "20221222124714.0"
    },
    {
      "008": "740730s1963\\\\\\\\okua\\\\\\\\\\b\\\\\\\\000\\0beng\\\\"
    },
    {
      "010": {
        "ind1": "\\",
        "ind2": "\\",
        "subfields": [
          {
            "a": "   63008985 "
          }
        ]
      }
    },
    {
      "040": {
        "ind1": "\\",
        "ind2": "\\",
        "subfields": [
          {
            "a": "DLC"
          },
          {
            "b": "eng"
          },
          {
            "c": "MRC"
          },
          {
            "d": "SER"
          },
          {
            "d": "OKS"
          },
          {
            "d": "OCLCG"
          },
          {
            "d": "STF"
          },
          {
            "d": "AU@"
          },
          {
            "d": "GAP"
          },
          {
            "d": "OCLCQ"
          },
          {
            "d": "OCLCF"
          },
          {
            "d": "TAMSA"
          },
          {
            "d": "OCLCQ"
          },
          {
            "d": "CNUTO"
          },
          {
            "d": "MCO"
          },
          {
            "d": "CEF"
          },
          {
            "d": "TKN"
          },
          {
            "d": "TXMAR"
          },
          {
            "d": "CSO"
          },
          {
            "d": "CSA"
          },
          {
            "d": "TYC"
          },
          {
            "d": "MUO"
          },
          {
            "d": "GSN"
          },
          {
            "d": "HCO"
          },
          {
            "d": "KFH"
          },
          {
            "d": "FQG"
          },
          {
            "d": "CUY"
          },
          {
            "d": "CRU"
          },
          {
            "d": "OCLCQ"
          },
          {
            "d": "CPO"
          },
          {
            "d": "NAM"
          },
          {
            "d": "PAU"
          },
          {
            "d": "TWJ"
          },
          {
            "d": "SNN"
          },
          {
            "d": "NJR"
          },
          {
            "d": "BUB"
          },
          {
            "d": "INT"
          },
          {
            "d": "URS"
          },
          {
            "d": "QE2"
          },
          {
            "d": "ZAP"
          },
          {
            "d": "BBF"
          },
          {
            "d": "UAB"
          },
          {
            "d": "WYU"
          },
          {
            "d": "FWR"
          },
          {
            "d": "UWO"
          },
          {
            "d": "HV6"
          },
          {
            "d": "OCLCQ"
          },
          {
            "d": "PUG"
          },
          {
            "d": "OCLCQ"
          },
          {
            "d": "CBA"
          },
          {
            "d": "DKC"
          },
          {
            "d": "GZN"
          },
          {
            "d": "GZW"
          },
          {
            "d": "CNTRU"
          },
          {
            "d": "TJC"
          },
          {
            "d": "YBM"
          },
          {
            "d": "O{dollar}M"
          },
          {
            "d": "OCLCO"
          },
          {
            "d": "J9U"
          },
          {
            "d": "TAMSA"
          }
        ]
      }
    },
    {
      "019": {
        "ind1": "\\",
        "ind2": "\\",
        "subfields": [
          {
            "a": "974722850"
          },
          {
            "a": "1097765236"
          },
          {
            "a": "1149798641"
          },
          {
            "a": "1154536222"
          },
          {
            "a": "1155724054"
          },
          {
            "a": "1334630610"
          }
        ]
      }
    },
    {
      "035": {
        "ind1": "\\",
        "ind2": "\\",
        "subfields": [
          {
            "a": "(OCoLC)967380"
          },
          {
            "z": "(OCoLC)974722850"
          },
          {
            "z": "(OCoLC)1097765236"
          },
          {
            "z": "(OCoLC)1149798641"
          },
          {
            "z": "(OCoLC)1154536222"
          },
          {
            "z": "(OCoLC)1155724054"
          },
          {
            "z": "(OCoLC)1334630610"
          }
        ]
      }
    },
    {
      "043": {
        "ind1": "\\",
        "ind2": "\\",
        "subfields": [
          {
            "a": "n-mx---"
          },
          {
            "a": "ncgt---"
          }
        ]
      }
    },
    {
      "050": {
        "ind1": "\\",
        "ind2": "4",
        "subfields": [
          {
            "a": "F1230"
          },
          {
            "b": ".C47 1963"
          }
        ]
      }
    },
    {
      "082": {
        "ind1": "0",
        "ind2": "4",
        "subfields": [
          {
            "a": "972.02"
          },
          {
            "b": "CER"
          }
        ]
      }
    },
    {
      "100": {
        "ind1": "1",
        "ind2": "\\",
        "subfields": [
          {
            "a": "Cerwin, Herbert,"
          },
          {
            "d": "1908-"
          }
        ]
      }
    },
    {
      "245": {
        "ind1": "1",
        "ind2": "0",
        "subfields": [
          {
            "a": "Bernal Di\u0301az :"
          },
          {
            "b": "historian of the conquest /"
          },
          {
            "c": "by Herbert Cerwin."
          }
        ]
      }
    },
    {
      "250": {
        "ind1": "\\",
        "ind2": "\\",
        "subfields": [
          {
            "a": "First edition."
          }
        ]
      }
    },
    {
      "260": {
        "ind1": "\\",
        "ind2": "\\",
        "subfields": [
          {
            "a": "Norman :"
          },
          {
            "b": "University of Oklahoma Press,"
          },
          {
            "c": "[1963]"
          }
        ]
      }
    },
    {
      "300": {
        "ind1": "\\",
        "ind2": "\\",
        "subfields": [
          {
            "a": "239 pages :"
          },
          {
            "b": "illustrations ;"
          },
          {
            "c": "23 cm"
          }
        ]
      }
    },
    {
      "336": {
        "ind1": "\\",
        "ind2": "\\",
        "subfields": [
          {
            "a": "text"
          },
          {
            "b": "txt"
          },
          {
            "2": "rdacontent"
          }
        ]
      }
    },
    {
      "337": {
        "ind1": "\\",
        "ind2": "\\",
        "subfields": [
          {
            "a": "unmediated"
          },
          {
            "b": "n"
          },
          {
            "2": "rdamedia"
          }
        ]
      }
    },
    {
      "338": {
        "ind1": "\\",
        "ind2": "\\",
        "subfields": [
          {
            "a": "volume"
          },
          {
            "b": "nc"
          },
          {
            "2": "rdacarrier"
          }
        ]
      }
    },
    {
      "504": {
        "ind1": "\\",
        "ind2": "\\",
        "subfields": [
          {
            "a": "Includes bibliographical references."
          }
        ]
      }
    },
    {
      "520": {
        "ind1": "\\",
        "ind2": "\\",
        "subfields": [
          {
            "a": "Documented biography of Bernal Diaz de Castillo and his times from the official archives in Guatemala."
          }
        ]
      }
    },
    {
      "505": {
        "ind1": "0",
        "ind2": "\\",
        "subfields": [
          {
            "a": "\"I was there ... I saw it all ...\" -- Where were the gold and the treasures? -- \"Many of us felt as if we were dreaming\" -- On the march again -- Empty stomachs, tumblers, and musicians -- More complaints and bigger banquets -- On be half of Bernal D\u0315az -- The return of a conqueror -- Land grants and a wife with a dowry -- Official mission to Spain -- \"Favor him with what he needs\" -- So that the world will know -- Colonial life in Guatemala -- Old men live in their memories -- Last try at fame -- Half-blind and deaf -- but still writing -- Death comes to a conqueror."
          }
        ]
      }
    },
    {
      "600": {
        "ind1": "1",
        "ind2": "0",
        "subfields": [
          {
            "a": "Di\u0301az del Castillo, Bernal,"
          },
          {
            "d": "1496-1584."
          }
        ]
      }
    },
    {
      "600": {
        "ind1": "1",
        "ind2": "7",
        "subfields": [
          {
            "a": "Di\u0301az del Castillo, Bernal,"
          },
          {
            "d": "1496-1584."
          },
          {
            "2": "fast"
          },
          {
            "0": "(OCoLC)fst00000483"
          }
        ]
      }
    },
    {
      "655": {
        "ind1": "\\",
        "ind2": "7",
        "subfields": [
          {
            "a": "History."
          },
          {
            "2": "fast"
          },
          {
            "0": "(OCoLC)fst01411628"
          }
        ]
      }
    },
    {
      "776": {
        "ind1": "0",
        "ind2": "8",
        "subfields": [
          {
            "i": "Online version:"
          },
          {
            "a": "Cerwin, Herbert, 1908-"
          },
          {
            "t": "Bernal Di\u0301az."
          },
          {
            "b": "[1st ed.]."
          },
          {
            "d": "Norman, University of Oklahoma Press [1963]"
          },
          {
            "w": "(OCoLC)592553253"
          }
        ]
      }
    },
    {
      "994": {
        "ind1": "\\",
        "ind2": "\\",
        "subfields": [
          {
            "a": "Z0"
          },
          {
            "b": "NYRVC"
          }
        ]
      }
    },
    {
      "948": {
        "ind1": "\\",
        "ind2": "\\",
        "subfields": [
          {
            "h": "NO HOLDINGS IN NYRVC - 686 OTHER HOLDINGS"
          }
        ]
      }
    },
    {
      "999": {
        "ind1": "\\",
        "ind2": "\\",
        "subfields": [
          {
            "a": "00000000018035"
          }
        ]
      }
    }
  ]
}